<record><leader>00000cas a2200000 a 4500</leader><controlfield tag="001">8776576</controlfield><controlfield tag="008">820915d1862188uiluwr ne      0   a0eng  </controlfield><datafield ind1=" " ind2=" " tag="010"><subfield code="a">sn 82014343 </subfield></datafield><datafield ind1=" " ind2=" " tag="040"><subfield code="a">DLC</subfield><subfield code="b">eng</subfield><subfield code="c">DLC</subfield><subfield code="d">NPX</subfield><subfield code="d">DLC</subfield><subfield code="d">NVF</subfield><subfield code="d">OCL</subfield><subfield code="d">NVF</subfield><subfield code="d">CGU</subfield><subfield code="d">NVF</subfield><subfield code="d">OCLCO</subfield><subfield code="d">OCLCF</subfield><subfield code="d">NVF</subfield></datafield><datafield ind1=" " ind2=" " tag="042"><subfield code="a">pcc</subfield></datafield><datafield ind1=" " ind2=" " tag="043"><subfield code="a">n-us-il</subfield></datafield><datafield ind1="0" ind2="0" tag="050"><subfield code="a">Newspaper 7574-X</subfield></datafield><datafield ind1="0" ind2=" " tag="130"><subfield code="a">Joliet Republican (Joliet, Ill. : Weekly)</subfield></datafield><datafield ind1="1" ind2="4" tag="245"><subfield code="a">The Joliet Republican.</subfield></datafield><datafield ind1=" " ind2=" " tag="260"><subfield code="a">Joliet, Ill. :</subfield><subfield code="b">Braden &amp; Goff,</subfield><subfield code="c">1862-[188-?].</subfield></datafield><datafield ind1=" " ind2=" " tag="300"><subfield code="a">v. ;</subfield><subfield code="c">68 cm.</subfield></datafield><datafield ind1=" " ind2=" " tag="310"><subfield code="a">Weekly,</subfield><subfield code="b">Nov. 22, 1862-&lt;Dec. 25, 1880&gt;</subfield></datafield><datafield ind1=" " ind2=" " tag="321"><subfield code="a">Semiweekly,</subfield><subfield code="b">June 28-Nov. 15, 1862</subfield></datafield><datafield ind1="0" ind2=" " tag="362"><subfield code="a">New series v. 1, no. 1 (June 28, 1862)-new series v. 16, no. 48 (Apr. 5, 1879) ; v. 31, no. 49 (Apr. 12, 1879)-</subfield></datafield><datafield ind1=" " ind2=" " tag="515"><subfield code="a">Issues for June 28-Nov. 15, 1862 called also old series, v. 15, no. 1-v. 15, no. 36.</subfield></datafield><datafield ind1=" " ind2=" " tag="515"><subfield code="a">Issues for Apr. 12, 1879-&lt;Dec. 25, 1880&gt; called also whole no. 1609-&lt;1697&gt;.</subfield></datafield><datafield ind1=" " ind2=" " tag="530"><subfield code="a">Available on microfilm;</subfield><subfield code="b">Illinois State Historical Library.</subfield></datafield><datafield ind1=" " ind2=" " tag="580"><subfield code="a">Semiweekly ed.: Joliet Republican (Joliet, Ill. : Semiweekly),  &lt;1872-1879&gt;.</subfield></datafield><datafield ind1=" " ind2=" " tag="588"><subfield code="a">Latest issue consulted: Dec. 25, 1880.</subfield></datafield><datafield ind1=" " ind2="0" tag="651"><subfield code="a">Joliet (Ill.)</subfield><subfield code="v">Newspapers.</subfield></datafield><datafield ind1=" " ind2="7" tag="651"><subfield code="a">Illinois</subfield><subfield code="z">Joliet.</subfield><subfield code="2">fast</subfield><subfield code="0">(OCoLC)fst01205950</subfield></datafield><datafield ind1=" " ind2="7" tag="655"><subfield code="a">Newspapers.</subfield><subfield code="2">fast</subfield><subfield code="0">(OCoLC)fst01423814</subfield></datafield><datafield ind1=" " ind2=" " tag="752"><subfield code="a">United States</subfield><subfield code="b">Illinois</subfield><subfield code="c">Will</subfield><subfield code="d">Joliet.</subfield></datafield><datafield ind1="1" ind2=" " tag="775"><subfield code="t">Joliet Republican (Joliet, Ill. : Semiweekly)</subfield><subfield code="w">(DLC)sn 85033761</subfield><subfield code="w">(OCoLC)12255057</subfield></datafield><datafield ind1="0" ind2="8" tag="776"><subfield code="i">Microfilm version:</subfield><subfield code="t">Joliet Republican (Joliet, Ill. : Weekly)</subfield><subfield code="w">(OCoLC)32080466</subfield></datafield><datafield ind1="0" ind2="0" tag="780"><subfield code="t">True Democrat (Joliet, Ill.)</subfield><subfield code="w">(DLC)sn 84038526</subfield><subfield code="w">(OCoLC)11330077</subfield></datafield><datafield ind1="0" ind2="0" tag="785"><subfield code="t">Joliet republic</subfield><subfield code="w">(DLC)sn 94054302</subfield><subfield code="w">(OCoLC)30308085</subfield></datafield><datafield ind1="1" ind2=" " tag="029"><subfield code="a">AU@</subfield><subfield code="b">000020224999</subfield></datafield></record>